<record><leader>00000cas a22000007a 4500</leader><controlfield tag="001">21141497</controlfield><controlfield tag="008">900301d18711871mouwr ne      0    0eng d</controlfield><datafield ind1=" " ind2=" " tag="010"><subfield code="a">sn 90061214 </subfield></datafield><datafield ind1=" " ind2=" " tag="040"><subfield code="a">MQN</subfield><subfield code="b">eng</subfield><subfield code="c">MQN</subfield><subfield code="d">OCLCQ</subfield></datafield><datafield ind1=" " ind2=" " tag="042"><subfield code="a">msc</subfield></datafield><datafield ind1="0" ind2=" " tag="130"><subfield code="a">Macon republican (Macon, Mo. : 1871)</subfield></datafield><datafield ind1="1" ind2="4" tag="245"><subfield code="a">The Macon republican.</subfield></datafield><datafield ind1=" " ind2=" " tag="260"><subfield code="a">Macon, Mo. :</subfield><subfield code="b">Republican Print. Co.,</subfield><subfield code="c">1871.</subfield></datafield><datafield ind1=" " ind2=" " tag="300"><subfield code="a">v.</subfield></datafield><datafield ind1=" " ind2=" " tag="310"><subfield code="a">Weekly</subfield></datafield><datafield ind1="0" ind2=" " tag="362"><subfield code="a">Vol. 1, no. 1 (Apr. 22, 1871)-v. 1, no. 31 (Oct. 16, 1871).</subfield></datafield><datafield ind1=" " ind2=" " tag="752"><subfield code="a">United States</subfield><subfield code="b">Missouri</subfield><subfield code="c">Macon</subfield><subfield code="d">Macon.</subfield></datafield><datafield ind1="0" ind2="0" tag="785"><subfield code="t">Macon weekly republican</subfield><subfield code="w">(DLC)sn 85034004</subfield></datafield></record>